@article{projeto_robos,
	author  = {Profs. Nobuo Oki e Suely Cunha Amaro Mantovani}, 
	title   = {TEEE I- Projeto de Robôs Móveis},
	year    = 2013,
},
@Manual{processadores_arduino,
	title = {Arduino Products Comparison},
	note = { Disponível em \url{https://www.arduino.cc/en/Products/Compare}, Acessado em 08-02-2017}
},
@Manual{atmel,
	title = {Atmel Products},
	note = { Disponível em \url{http://www.atmel.com/pt/br/products/microcontrollers/avr/default.aspx}, Acessado em 08-02-2017}
},
@Manual{endian,
	title = {Big and Little Endian},
	note = { Disponível em \url{https://www.cs.umd.edu/class/sum2003/cmsc311/Notes/Data/endian.html}, Acessado em 08-02-2017}
},
@Manual{thumb,
	title = {The Thumb instruction set},
	note = { Disponível em \url{http://infocenter.arm.com/help/index.jsp?topic=/com.arm.doc.ddi0210c/CACBCAAE.html}, Acessado em 08-02-2017}
},
@Manual{technopedia,
	title = {Floating-Point Unit (FPU)},
	note = { Disponível em \url{https://www.techopedia.com/definition/2865/floating-point-unit-fpu}, Acessado em 08-02-2017}
},
@Manual{memoria,
	title = {Os tipos de memória encontrados em microcontroladores},
	note = { Disponível em \url{http://labdegaragem.com/profiles/blogs/artigo-os-tipos-de-mem-ria-encontrados-em-microcontroladores}, Acessado em 08-02-2017}
},
@article{variaveis,
	author  = {Adriano Joaquim de Oliveira Cruz}, 
	title   = {Tipos de Dados, Constantes e Variáveis},
	year    = 1997,
},
@Manual{real,
	title = {REAL data type},
	note = { Disponível em \url{http://docs.oracle.com/javadb/10.8.3.0/ref/rrefsqlj14122.html}, Acessado em 08-02-2017}
},
