@Manual{brainwaves_project,
	title = {Use the Force... Or your Brainwaves? },
	note = { Dispon√≠vel em \url{https://create.arduino.cc/projecthub/Imetomi/use-the-force-or-your-brainwaves-9e839b}, Acessado em 09-03-2017}
},
@Article{make_mind_controlled,
	title = {Make a Mind-Controlled Arduino Robot},
	author = {Tero Karvinen \& Kimmo Karvinen},
	year = {2012}
},
	