@Manual{rtc,
	title = {What is an RTC?},
	note = { Dispon√≠vel em \url{https://learn.adafruit.com/ds1307-real-time-clock-breakout-board-kit/what-is-an-rtc}, Acessado em 03-04-2017}
},
@Article{make_mind_controlled,
	title = {Make a Mind-Controlled Arduino Robot},
	author = {Tero Karvinen \& Kimmo Karvinen},
	year = {2012}
},
	