@Manual{eletrodermal,
	title = {What is the skin conductance response?},
	note = { Disponível em \url{https://www.media.mit.edu/galvactivator/faq.html}, Acessado em 14-02-2017}
},
@Manual{gsr_sensor,
	title = {Grove - GSR sensor},
	note = { Disponível em \url{https://www.seeedstudio.com/Grove-GSR-sensor-p-1614.html}, Acessado em 15-02-2017}
},
@Manual{biomedic_sensor,
	title = {Biomedical Sensor Pad (10 pack)},
	note = { Disponível em \url{https://www.sparkfun.com/products/12969}, Acessado em 15-02-2017}
},
