@Manual{debouncing,
	title = {Debouncing},
	note = { Disponível em \url{http://whatis.techtarget.com/definition/debouncing}, Acessado em 22-02-2017}
},
@Manual{race_condition,
	title = {RACE CONDITION},
	note = { Disponível em \url{https://www.vivaolinux.com.br/artigo/Race-Condition}, Acessado em 22-02-2017}
},