@Manual{cross_compiler,
	title = {Cross-Compilation},
	note = { Disponível em \url{https://www.gnu.org/software/automake/manual/html_node/Cross_002dCompilation.htmll}, Acessado em 12-02-2017}
},
@Manual{rtos,
	title = {What is An RTOS?},
	note = { Disponível em \url{https://www.arduino.cc/en/Products/Compare}, Acessado em 08-02-2017}
},
@Manual{dsp,
	title = {PROCESSADOR DIGITAL DE SINAIS - DSP},
	note = { Disponível em \url{http://www.cbpf.br/~rastuto/}, Acessado em 12-02-2017}
},
@Manual{diffence_dsp,
	title = {Difference between DSP and Microcontroller},
	note = { Disponível em \url{http://www.differencebetween.info/difference-between-dsp-and-microcontroller}, Acessado em 12-02-2017}
},
@Manual{difference_c_1,
	title = {Difference Between C and C++ Programming Languages},
	note = { Disponível em \url{http://techwelkin.com/difference-between-c-and-c-plus-plus}, Acessado em 12-02-2017}
},
@Manual{difference_c_2,
	title = {10 Major Differences Between C And C++  344},
	note = { Disponível em \url{http://durofy.com/10-major-differences-between-c-and-c/}, Acessado em 12-02-2017}
},
