@Manual{watchdog,
	title = {Watchdog Timer},
	note = { Disponível em \url{http://microcontrolandos.blogspot.com.br/2013/06/watchdog-timer.htmlc}, Acessado em 20-02-2017}
},
@Manual{cortexm7,
	title = {ARM Microcontrollers - MCU},
	note = { Disponível em \url{http://www.mouser.com/Semiconductors/Embedded-Processors-Controllers/Microcontrollers-MCU/ARM-Microcontrollers-MCU/_/N-a85pc}, Acessado em 20-02-2017}
},
@Manual{jtag,
	title = {What is JTAG and how can I make use of it?},
	note = { Disponível em \url{https://www.xjtag.com/about-jtag/what-is-jtag/}, Acessado em 20-02-2017}
},
@Manual{clock_energy,
	title = {Does lowering CPU clock frequency extend battery life?},
	note = { Disponível em \url{https://www.luculentsystems.com/techblog/does-lowering-cpu-clock-frequency-extend-battery-life/}, Acessado em 20-02-2017}
},
@Manual{variables,
	title = {Chapter 4: Variables and Constants},
	note = { Disponível em \url{http://users.ece.utexas.edu/~valvano/embed/chap4/chap4.htm}, Acessado em 20-02-2017}
},
@Manual{makefile,
	title = {A Simple Makefile Tutorial},
	note = { Disponível em \url{http://www.cs.colby.edu/maxwell/courses/tutorials/maketutor/}, Acessado em 20-02-2017}
},
@Manual{ascii,
	title = {ASCII Table and Description},
	note = { Disponível em \url{http://www.asciitable.com/}, Acessado em 20-02-2017}
},